<record xmlns="http://www.loc.gov/MARC21/slim" xmlns:xsi="http://www.w3.org/2001/XMLSchema-instance" xsi:schemaLocation="http://www.loc.gov/MARC21/slim http://www.loc.gov/standards/marcxml/schema/MARC21slim.xsd">

  <leader>00995nam a2200193   4500</leader>
  <datafield ind1=" " tag="999" ind2=" ">
    <subfield code="c">2797</subfield>
    <subfield code="d">2797</subfield>
  </datafield>
  <controlfield tag="008">150811b2014    cr ||||| |||| 00| | spa d</controlfield>
  <datafield tag="090" ind1=" " ind2=" ">
    <subfield code="a">06.02.01</subfield>
    <subfield code="b">2001 (2014)</subfield>
  </datafield>
  <datafield ind2=" " ind1="1" tag="100">
    <subfield code="9">110</subfield>
    <subfield code="a">González Zúñiga, Marianela</subfield>
  </datafield>
  <datafield ind1="1" tag="245" ind2="0">
    <subfield code="a">Curso de desarrollo profesional: principios metodológicos de la educación de adultos /</subfield>
    <subfield code="c">Marianela González Zúñiga, encargada de la capacitación y compiladora del material bibliográfico</subfield>
  </datafield>
  <datafield ind2=" " ind1=" " tag="260">
    <subfield code="a">San José, Costa Rica :</subfield>
    <subfield code="b">INIE. PROEDUCA, Instituto de Desarrollo Profesional Uladislao Gámez Solano,</subfield>
    <subfield code="c">2014</subfield>
  </datafield>
  <datafield tag="300" ind1=" " ind2=" ">
    <subfield code="a">156 páginas;</subfield>
    <subfield code="b"> ilustraciones</subfield>
  </datafield>
  <datafield tag="500" ind1=" " ind2=" ">
    <subfield code="a">Curso de los 200 días lectivos del Ministerio de Educación Pública de Costa Rica. 
</subfield>
  </datafield>
  <datafield ind1=" " tag="500" ind2=" ">
    <subfield code="a">A la cabeza de la portada Ministerio de Educación Pública. Instituto de Desarrollo Profesional Uladislao Gámez Solano</subfield>
  </datafield>
  <datafield ind2="4" ind1="1" tag="650">
    <subfield code="9">729</subfield>
    <subfield code="a">CAPACITACIÓN</subfield>
  </datafield>
  <datafield ind2="4" tag="650" ind1="1">
    <subfield code="9">331</subfield>
    <subfield code="a">DOCENTES</subfield>
  </datafield>
  <datafield ind2=" " ind1="1" tag="700">
    <subfield code="9">728</subfield>
    <subfield code="a">Caldwell Bermúdez, Clyde</subfield>
  </datafield>
  <datafield tag="700" ind1="1" ind2=" ">
    <subfield code="9">3006</subfield>
    <subfield code="a">Rodríguez Vargas, Pablo</subfield>
  </datafield>
  <datafield ind2=" " tag="942" ind1=" ">
    <subfield code="2">z</subfield>
    <subfield code="c">04</subfield>
  </datafield>
</record>